01REMESSA01COBRANCA       6815050012137000134                               748SICREDI        20191220        0000001                                                                                                                                                                                                                                                                                 2.00000001
1AAA            AAA                            192000543      20191220 N B0000    00000010000000            01TESTE000010401200000000081200         AN201219000000000000010002012190000000001200000000000000000000000000001000002738306004NICO LOPEZ                                                                      00000000000 9125000000000                                                       000002
1AAA            AAA                            192000551      20191220 N B0000    00000010000000            01TESTE000010401200000000081200         AN201219000000000000010002012190000000001200000000000000000000000000001000002738306004NICO LOPEZ                                                                      00000000000 9125000000000                                                       000003
1AAA            AAA                            192000560      20191220 N B0000    00000010000000            01TESTE000010401200000000081200         AN201219000000000000010002012190000000001200000000000000000000000000001000002738306004NICO LOPEZ                                                                      00000000000 9125000000000                                                       000004
1AAA            AAA                            192000578      20191220 N B0000    00000010000000            01TESTE000010401200000000081200         AN201219000000000000010002012190000000001200000000000000000000000000001000002738306004NICO LOPEZ                                                                      00000000000 9125000000000                                                       000005
1AAA            AAA                            192000586      20191220 N B0000    00000010000000            01TESTE000010401200000000081200         AN201219000000000000010002012190000000001200000000000000000000000000001000002738306004NICO LOPEZ                                                                      00000000000 9125000000000                                                       000006
1AAA            AAA                            192000594      20191220 N B0000    00000010000000            01TESTE000010401200000000081200         AN201219000000000000010002012190000000001200000000000000000000000000001000002738306004NICO LOPEZ                                                                      00000000000 9125000000000                                                       000007
1AAA            AAA                            192000608      20191220 N B0000    00000010000000            01TESTE000010401200000000081200         AN201219000000000000010002012190000000001200000000000000000000000000001000002738306004NICO LOPEZ                                                                      00000000000 9125000000000                                                       000008
1AAA            AAA                            192000616      20191220 N B0000    00000010000000            01TESTE000010401200000000081200         AN201219000000000000010002012190000000001200000000000000000000000000001000002738306004NICO LOPEZ                                                                      00000000000 9125000000000                                                       000009
1AAA            AAA                            192000624      20191220 N B0000    00000010000000            01TESTE000010401200000000081200         AN201219000000000000010002012190000000001200000000000000000000000000001000002738306004NICO LOPEZ                                                                      00000000000 9125000000000                                                       000010
1AAA            AAA                            192000632      20191220 N B0000    00000010000000            01TESTE000010401200000000081200         AN201219000000000000010002012190000000001200000000000000000000000000001000002738306004NICO LOPEZ                                                                      00000000000 9125000000000                                                       000011
9174868150                                                                                                                                                                                                                                                                                                                                                                                                000012
